@ARTICLE{MHzcompact,
author={S. Y. R. {Hui} and W. {Zhong} and C. K. {Lee}},
journal={IEEE Trans. Power Electron.},
title={A Critical Review of Recent Progress in Mid-Range Wireless Power Transfer},
year={2014},
volume={29},
number={9},
pages={4500-4511},
doi={10.1109/TPEL.2013.2249670},
ISSN={},
month={Sep.},}

@ARTICLE{LiuLowHarmonic,
	author={M. {Liu} and M. {Fu} and C. {Ma}},
	journal={IEEE Trans. Power Electron.},
	title={Low-Harmonic-Contents and High-Efficiency Class {E} Full-Wave Current-Driven Rectifier for Megahertz Wireless Power Transfer Systems},
	year={2017},
	volume={32},
	number={2},
	pages={1198-1209},
	doi={10.1109/TPEL.2016.2551288},
	ISSN={},
	month={Feb.},}

@ARTICLE{SamerLoadIndpendent,
	author={S. {Aldhaher} and D. C. {Yates} and P. D. {Mitcheson}},
	journal={IEEE Trans. Power Electron.},
	title={Load-Independent Class {E/EF} Inverters and Rectifiers for {MHz}-Switching Applications},
	year={2018},
	volume={33},
	number={10},
	pages={8270-8287},
	ISSN={},
	month={Oct.},}

@ARTICLE{LukaszFiniteInductor,
	author={L. {Roslaniec} and A. S. {Jurkov} and A. A. {Bastami} and D. J. {Perreault}},
	journal={IEEE Trans. Power Electron.},
	title={Design of Single-Switch Inverters for Variable Resistance/Load Modulation Operation},
	year={2015},
	volume={30},
	number={6},
	pages={3200-3214},
	doi={10.1109/TPEL.2014.2331494},
	ISSN={},
	month={June},}

@ARTICLE{RectifierFiniteInductor,
	author={J. A. {Santiago-Gonz√°lez} and K. M. {Elbaggari} and K. K. {Afridi} and D. J. {Perreault}},
	journal={IEEE Trans. Power Electron.},
	title={Design of Class {E} Resonant Rectifiers and Diode Evaluation for VHF Power Conversion},
	year={2015},
	volume={30},
	number={9},
	pages={4960-4972},
	doi={10.1109/TPEL.2015.2398848},
	ISSN={1941-0107},
	month={Sep.},}

@ARTICLE{fullBridge13.56Mdeadtime,
	author={H. {Tebianian} and Y. {Salami} and B. {Jeyasurya} and J. E. {Quaicoe}},
	journal={IEEE Trans. Ind. Electron.},
	title={A 13.56-{MHz} Full-Bridge Class-{D ZVS} Inverter With Dynamic Dead-Time Control for Wireless Power Transfer Systems},
	year={2020},
	volume={67},
	number={2},
	pages={1487-1497},
	doi={10.1109/TIE.2018.2890505},
	ISSN={},
	month={Feb.},}

@book{ResonantPowerConverters,
	title={Resonant power converters},
	author={Kazimierczuk, Marian K and Czarkowski, Dariusz},
	year={2012},
	publisher={John Wiley \& Sons}
}

@ARTICLE{RivasICN,
	author={J. {Choi} and J. {Xu} and R. {Makhoul} and J. M. R. {Davila}},
	journal={IEEE Trans. Power Electron.},
	title={Implementing an Impedance Compression Network to Compensate for Misalignments in a Wireless Power Transfer System},
	year={2019},
	volume={34},
	number={5},
	pages={4173-4184},
	doi={10.1109/TPEL.2018.2862414},
	ISSN={},
	month={May},}

@ARTICLE{RivasRCN,
	author={Y. {Han} and O. {Leitermann} and D. A. {Jackson} and J. M. {Rivas} and D. J. {Perreault}},
	journal={IEEE Trans. Power Electron.},
	title={Resistance Compression Networks for Radio-Frequency Power Conversion},
	year={2007},
	volume={22},
	number={1},
	pages={41-53},
	doi={10.1109/TPEL.2006.886601},
	ISSN={},
	month={Jan.},}

@ARTICLE{1990finiteInductor,
	author={R. E. {Zulinski} and K. J. {Grady}},
	journal={IEEE Trans. Circuits Syst.},
	title={Load-independent class {E} power inverters. I. Theoretical development},
	year={1990},
	volume={37},
	number={8},
	pages={1010-1018},
	ISSN={},
	month={Aug.},}

@article{ITU-Rsection,
	title={International telecommunication union (itu)},
	author={Sector, Radiocommunication},
	journal={General Aspects of Digital Transmission Systems--Terminal Equipments. Pulse Code Modulation of Voice Frequencies. ITU-T Recommendation G},
	volume={711},
	year={2013}
}


@INPROCEEDINGS{MultiLayerWinding2005,
	author={M. E. {Dale} and C. R. {Sullivan}},
	booktitle={2005 IEEE 36th Power Electronics Specialists Conference},
	title={General Comparison of Power Loss in Single-Layer and Multi-Layer Windings},
	year={2005},
	volume={},
	number={},
	pages={582-589},
	doi={10.1109/PESC.2005.1581685},
	ISSN={2377-6617},
	month={June},}

@article{Liu2016Robust,
	title={Analysis and Design of A Robust Class ${E}^2$ DC--DC Converter for Megahertz Wireless Power Transfer},
	author={Liu, Ming and Qiao, Yue and Liu, Shuangke and Ma, Chengbin},
	journal={IEEE Trans. Power Electron.},
	volume={32},
	number={4},
	pages={2835--2845},
	year={2016},
	publisher={IEEE}
}
@ARTICLE{shunagke2018,
	author={S. {Liu} and M. {Liu} and S. {Han} and X. {Zhu} and C. {Ma}},
	journal={IEEE Trans. Power Electron.},
	title={Tunable Class {E}$^2$ DCDC Converter With High Efficiency and Stable Output Power for 6.78-{MH}z Wireless Power Transfer},
	year={2018},
	volume={33},
	number={8},
	pages={6877-6886},
	month={Aug.},}

@article{Fu2018analysis,
	title={Analysis and Optimized Design of Compensation Capacitors for a Megahertz {WPT} System Using Full-Bridge Rectifier},
	author={Fu, Minfan and Tang, Zefan and Ma, Chengbin},
	journal={IEEE Trans. Ind. Informat.},
	volume={15},
	number={1},
	pages={95--104},
	year={2018},
	publisher={IEEE},
	month={Jan.},
}

@ARTICLE{ParameterDesign,
	author={M. {Liu} and M. {Fu} and C. {Ma}},
	journal={IEEE Trans. Power Electron.},
	title={Parameter Design for a 6.78-{MH}z Wireless Power Transfer System Based on Analytical Derivation of Class {E} Current-Driven Rectifier},
	year={2016},
	volume={31},
	number={6},
	pages={4280-4291},
	month={June},}

@ARTICLE{MaxtrixCapacitor,
	author={Y. {Lim} and H. {Tang} and S. {Lim} and J. {Park}},
	journal={IEEE Trans. Power Electron.},
	title={An Adaptive Impedance-Matching Network Based on a Novel Capacitor Matrix for Wireless Power Transfer},
	year={2014},
	volume={29},
	number={8},
	pages={4403-4413},
	doi={10.1109/TPEL.2013.2292596},
	ISSN={1941-0107},
	month={Aug.},}

@article{Fu2018analysis,
	title={Analysis and Optimized Design of Compensation Capacitors for a Megahertz {WPT} System Using Full-Bridge Rectifier},
	author={Fu, Minfan and Tang, Zefan and Ma, Chengbin},
	journal={IEEE Trans. Ind. Informat.},
	volume={15},
	number={1},
	pages={95--104},
	year={2018},
	publisher={IEEE},
	month={Jan.}
}

@ARTICLE{shunagke2017,
	author={S. {Liu} and M. {Liu} and S. {Yang} and C. {Ma} and X. {Zhu}},
	journal={IEEE Trans. Power Electron.},
	title={A Novel Design Methodology for High-Efficiency Current-Mode and Voltage-Mode Class-{E} Power Amplifiers in Wireless Power Transfer systems},
	year={2017},
	volume={32},
	number={6},
	pages={4514-4523},
	month={June},}

@ARTICLE{LCC,
	author={Q. {Zhu} and L. {Wang} and Y. {Guo} and C. {Liao} and F. {Li}},
	journal={IEEE Trans. Ind. Electron.},
	title={Applying {LCC} Compensation Network to Dynamic Wireless {EV} Charging System},
	year={2016},
	volume={63},
	number={10},
	pages={6557-6567},
	doi={10.1109/TIE.2016.2529561},
	ISSN={1557-9948},
	month={Oct.},}

@ARTICLE{Rectifier_ClassE_1990,
	author={M. K. {Kazimierczuk} and J. {Jozwik}},
	journal={IEEE Trans. Circuits Syst.},
	title={{Class-{E} zero-voltage-switching and zero-current-switching rectifiers}},
	year={1990},
	volume={37},
	number={3},
	pages={436-444},
	doi={10.1109/31.52739},
	ISSN={1558-1276},
	month={Mar.},}

@ARTICLE{Rectifier_ClassE_2001,
	author={S. {Birca-Galateanu} and A. {Ivascu}},
	journal={IEEE Trans. Circuits and Syst. I, Fundam. Theory and Appl.},
	title={{Class E low dv/dt and low di/dt rectifiers: energy transfer, comparison, compact relationships}},
	year={2001},
	volume={48},
	number={9},
	pages={1065-1074},
	doi={10.1109/81.948434},
	ISSN={1558-1268},
	month={Sep.},}

@INPROCEEDINGS{MultiLayerWinding2005,
	author={M. E. {Dale} and C. R. {Sullivan}},
	booktitle={2005 IEEE 36th Power Electronics Specialists Conference},
	title={General Comparison of Power Loss in Single-Layer and Multi-Layer Windings},
	year={2005},
	volume={},
	number={},
	pages={582-589},
	doi={10.1109/PESC.2005.1581685},
	ISSN={2377-6617},
	month={June},}

@ARTICLE{PlanarSpiralInductance,
	author={S. S. {Mohan} and M. {del Mar Hershenson} and S. P. {Boyd} and T. H. {Lee}},
	journal={IEEE J. Solid-State Circuits},
	title={Simple accurate expressions for planar spiral inductances},
	year={1999},
	volume={34},
	number={10},
	pages={1419-1424},
month={Oct.}}

@ARTICLE{PCBMutualInductance,
	author={U. {Jow} and M. {Ghovanloo}},
	journal={IEEE Trans. Biomed. Circuits Syst.},
	title={Design and Optimization of Printed Spiral Coils for Efficient Transcutaneous Inductive Power Transmission},
	year={2007},
	volume={1},
	number={3},
	pages={193-202},
	month={Sep.}}


@ARTICLE{MaximizingEfficiency,
	author={M. {Pinuela} and D. C. {Yates} and S. {Lucyszyn} and P. D. {Mitcheson}},
	journal={IEEE Trans. Power Electron.},
	title={Maximizing DC-to-Load Efficiency for Inductive Power Transfer},
	year={2013},
	volume={28},
	number={5},
	pages={2437-2447},
	month={May}}

@ARTICLE{TunningClassESamer,
	author={S. {Aldhaher} and P. C. {Luk} and J. F. {Whidborne}},
	journal={IEEE Trans. Power Electron.},
	title={Tuning Class {E} Inverters Applied in Inductive Links Using Saturable Reactors},
	year={2014},
	volume={29},
	number={6},
	pages={2969-2978},
	month={June},}

@ARTICLE{FullwaveClassE,
	author={A. {Reatti} and M. K. {Kazimierczuk} and R. {Redl}},
	journal={IEEE Trans. Circuits Syst. I, Fundam. Theory Appl.},
	title={Class {E} full-wave low dv/dt rectifier},
	year={1993},
	volume={40},
	number={2},
	pages={73-85},
	month={Feb.}}

@ARTICLE{ClassEPA1975,
	author={N. O. {Sokal} and A. D. {Sokal}},
	journal={IEEE Journal of Solid-State Circuits},
	title={Class {E}-A new class of high-efficiency tuned single-ended switching power amplifiers},
	year={1975},
	volume={10},
	number={3},
	pages={168-176},
	month={June}}

@ARTICLE{ClassE21990,
	author={J. J. {Jozwik} and M. K. {Kazimierczuk}},
	journal={IEEE Trans. Ind. Electron.},
	title={Analysis and design of class {E$^2$} DC/DC converter},
	year={1990},
	volume={37},
	number={2},
	pages={173-183},}

@ARTICLE{ClassERectifier1990,
author={M. K. {Kazimierczuk}},
journal={IEEE Trans. Circuits Syst.},
title={Analysis of class {E} zero-voltage-switching rectifier},
year={1990},
volume={37},
number={6},
pages={747-755},
doi={10.1109/31.55033},
ISSN={1558-1276},
month={Jun.},}

@ARTICLE{ClassEFrectifier2016,
	author={S. {Aldhaher} and D. C. {Yates} and P. D. {Mitcheson}},
	journal={IEEE Trans. Power Electron.},
	title={Design and Development of a Class {EF$_2$} Inverter and Rectifier for Multimegahertz Wireless Power Transfer Systems},
	year={2016},
	volume={31},
	number={12},
	pages={8138-8150},
	month={Dec.}}

@ARTICLE{ClassERectifierSeriesCap,
	author={M. K. {Kazimierczuk} and B. {Tomescu} and A. {Ivascu}},
	journal={IEEE Trans.  Circuits Syst. I, Fundam. Theory Appl.},
	title={Class {E} resonant rectifier with a series capacitor},
	year={1994},
	volume={41},
	number={12},
	pages={885-890},
	month={Dec.},}

@article{wirelessOverview,
	title={Wireless power transfer-An overview},
	author={Zhang, Zhen and Pang, Hongliang and Georgiadis, Apostolos and Cecati, Carlo},
	journal={IEEE Trans. Ind. Electron.},
	volume={66},
	number={2},
	pages={1044--1058},
	year={2018},
	publisher={IEEE}
}
@ARTICLE{SS_SP2018,
	author={K. {Song} and Z. {Li} and J. {Jiang} and C. {Zhu}},
	journal={IEEE Trans. Power Electron.},
	title={Constant Current/Voltage Charging Operation for Series-Series and Series-Parallel Compensated Wireless Power Transfer Systems Employing Primary-Side Controller},
	year={2018},
	volume={33},
	number={9},
	pages={8065-8080},
	doi={10.1109/TPEL.2017.2767099},
	ISSN={1941-0107},
	month={Sep.},}

@ARTICLE{CompensationQu,
	author={X. {Qu} and Y. {Jing} and H. {Han} and S. {Wong} and C. K. {Tse}},
	journal={IEEE Trans. Power Electron.},
	title={Higher Order Compensation for Inductive-Power-Transfer Converters With Constant-Voltage or Constant-Current Output Combating Transformer Parameter Constraints},
	year={2017},
	volume={32},
	number={1},
	pages={394-405},
	month={Feb.},}

@ARTICLE{RivasClassEF,
	author={J. M. {Rivas} and Y. {Han} and O. {Leitermann} and A. D. {Sagneri} and D. J. {Perreault}},
	journal={IEEE Trans. Power Electron.}, 
	title={A High-Frequency Resonant Inverter Topology With Low-Voltage Stress},
	year={2008},
	volume={23},
	number={4},
	pages={1759-1771},
	doi={10.1109/TPEL.2008.924616},
	month={July},}

@ARTICLE{Near-FieldLCC2017,
	author={T. {Campi} and S. {Cruciani} and F. {Maradei} and M. {Feliziani}},
	journal={IEEE Trans. Electromagn. Compat.}, 
	title={Near-Field Reduction in a Wireless Power Transfer System Using {LCC} Compensation}, 
	year={2017},
	volume={59},
	number={2},
	pages={686-694},
	doi={10.1109/TEMC.2016.2641383},
	month={Apr.},}


@INPROCEEDINGS{PushPullRivas,
	author={J. {Choi} and D. {Tsukiyama} and J. {Rivas}},
	booktitle={2016 IEEE Energy Conversion Congress and Exposition (ECCE)}, title={Comparison of SiC and eGaN devices in a 6.78 MHz 2.2 kW resonant inverter for wireless power transfer},
	year={2016},
	volume={},
	number={},
	pages={1-6},
	doi={10.1109/ECCE.2016.7854938}}

@ARTICLE{MultiInverterSystem,
	author={Q. {Deng} and P. {Sun} and W. {Hu} and D. {Czarkowski} and M. K. {Kazimierczuk} and H. {Zhou}},
	journal={IEEE Trans. Power Electron.}, title={Modular Parallel Multi-Inverter System for High-Power Inductive Power Transfer},
	year={2019},
	volume={34},
	number={10},
	pages={9422-9434},
	doi={10.1109/TPEL.2019.2891064}}

@ARTICLE{InputSeriesOutputParallel,
	author={H. {Zhou} and J. {Chen} and Q. {Deng} and F. {Chen} and A. {Zhu} and W. {Hu} and X. {Gao}},
	journal={IEEE Trans. Power Electron.}, title={Input-Series Output-Equivalent-Parallel Multi-Inverter System for High-Voltage and High-Power Wireless Power Transfer},
	year={2021},
	volume={36},
	number={1},
	pages={228-238},
	doi={10.1109/TPEL.2020.3000244}}

@ARTICLE{MultipleOverlappedTransmitters,
	author={Y. {Li} and R. {Mai} and L. {Lu} and T. {Lin} and Y. {Liu} and Z. {He}},
	journal={IEEE Transactions on Power Electronics}, title={Analysis and Transmitter Currents Decomposition Based Control for Multiple Overlapped Transmitters Based WPT Systems Considering Cross Couplings},
	year={2018},
	volume={33},
	number={2},
	pages={1829-1842},
	doi={10.1109/TPEL.2017.2690061}}

@ARTICLE{Magazine2021,
  	author={Liu, Ming and Zhang, Huan and Shao, Yaoxia and Song, Jibin and Ma, Chengbin},
  	journal={IEEE Ind. Electron. Mag.}, 
  	title={High-Performance Megahertz Wireless Power Transfer: Topologies, Modeling, and Design}, 
  	year={2021},
  	volume={15},
  	number={1},
  	pages={28-42},
  	doi={10.1109/MIE.2020.3002516}}

@INPROCEEDINGS{ModularConference,
author={Zhang, Huan and Ma, Chengbin and Liu, Ming},
booktitle={2021 IEEE PELS Workshop on Emerging Technologies: Wireless Power Transfer (WoW)}, title={Modularized and Reconfigurable Wireless Power Transfer: Architecture, Modeling and Analysis},
year={2021},
volume={},
number={},
pages={1-6},
doi={10.1109/WoW51332.2021.9462871}}


@book{MagneticBook,
  title={High-frequency magnetic components},
  author={Kazimierczuk, Marian K},
  year={2009},
  publisher={John Wiley \& Sons}}


 @INPROCEEDINGS{YaoxiaConference,
author={Shao, Yaoxia and Liu, Ming and Ma, Chengbin},
booktitle={2021 IEEE PELS Workshop on Emerging Technologies: Wireless Power Transfer (WoW)}, title={A Multi-Receiver MHz WPT System with Hybrid Coupler},
year={2021},
volume={},
number={},
pages={1-6},
doi={10.1109/WoW51332.2021.9462878}}

@inproceedings{GaNMaterial,
  title={Orientation control of bulk GaN substrates grown via hydride vapor phase epitaxy},
  author={Daniels, PR and Preble, EA and Paskova, T and Hanser, D},
  booktitle={The International Conference on Compound Semiconductor Manufacturing Technology},
  year={2009},
  organization={Citeseer}
}

@ARTICLE{ConverterModularized1,
author={Zhu, Ao and Zhou, Hong and Deng, Qijun and Shao, Ying and Chen, Jing and Hu, WenShan and Li, Shuaiqi},
journal={IEEE Trans. Veh. Technol.}, title={Modeling and Phase Synchronization Control of High-Power Wireless Power Transfer System Supplied By Modular Parallel Multi-Inverters},
year={2021},
volume={70},
number={7},
pages={6450-6462},
doi={10.1109/TVT.2021.3080515}}

@ARTICLE{ConverterModularized2,
  author={Deng, Qijun and Liu, Jiangtao and Czarkowski, Dariusz and Hu, Wenshan and Zhou, Hong},
  journal={IEEE Trans. Ind. Electron.}, 
  title={An Inductive Power Transfer System Supplied by a Multiphase Parallel Inverter}, 
  year={2017},
  volume={64},
  number={9},
  pages={7039-7048},
  doi={10.1109/TIE.2017.2686351}}

 @ARTICLE{CoilModularized1,
  author={Liu, Zhu and Chen, Zhizhang and Li, Jinyan and Zhao, Huapeng},
  journal={IEEE Trans. Antennas Propag.}, 
  title={A Shape-Reconfigurable Modularized Wireless Power Transfer Array System for Multipurpose Wireless Charging Applications}, 
  year={2018},
  volume={66},
  number={8},
  pages={4252-4259},
  doi={10.1109/TAP.2018.2839350}}


 @ARTICLE{CoilModularized2,
author={Wei, Guo and Feng, Jing and Zhang, Jingyang and Wang, Chao and Zhu, Chunbo and Yurievich Ostanin, Sergei},
journal={IEEE Trans. Ind. Electron.}, title={An Efficient Power and Data Synchronous Transfer Method for Wireless Power Transfer System Using Double-D Coupling Coil},
year={2021},
volume={68},
number={11},
pages={10643-10653},
doi={10.1109/TIE.2020.3038081}}

@INPROCEEDINGS{SongStackedCoil,
author={Song, Jibin and Liu, Ming and Fu, Minfan and Ma, Chengbin},
booktitle={2019 IEEE PELS Workshop on Emerging Technologies: Wireless Power Transfer (WoW)}, title={High Power Density Stacked-Coils Based power Receiver for MHz Wireless Power Transfer},
year={2019},
volume={},
number={},
pages={244-249},
doi={10.1109/WoW45936.2019.9030677}}

@ARTICLE{KangExtendable,
author={Kang, Ning and Shao, Yaoxia and Liu, Ming and Ma, Chengbin},
journal={IEEE Trans. Power Electron.}, title={Analysis and Implementation of 3D Magnetic Field Shaping via a 2D Planar Transmitting Coil Array},
year={2022},
volume={37},
number={1},
pages={1172-1184},
doi={10.1109/TPEL.2021.3104883}}

@ARTICLE{GuanYueshiRepeaters,
author={Guan, Yueshi and Xiao, Yangyun and Cui, Yunpeng and Xu, Dianguo},
journal={IEEE Trans. Ind. Appl.}, title={Analysis and Optimal Design of Mid-Range WPT System Based on Multiple Repeaters},
year={2022},
volume={58},
number={1},
pages={1092-1100},
doi={10.1109/TIA.2021.3072931}}

@ARTICLE{GuanYueshiRepeatersHighVoltage,
author={Guan, Yueshi and Cecati, Carlo and Alonso, J. Marcos and Zhang, Zhe},
journal={IEEE J. Emerg. Sel. Topics Ind. Electron.}, title={Review of High-Frequency High-Voltage-Conversion-Ratio DC-DC Converters},
year={2021},
volume={2},
number={4},
pages={374-389},
doi={10.1109/JESTIE.2021.3051554}}

@article{Airfuel2014,
	title={AirFuel Resonant Wireless Power Transfer {(WPT)} System Baseline System Specification {(BSS)}},
	journal={Alliance for Wireless Power},
	year={2014},
	month={Apr.},
	volume={Version 1.3},
}

@article{MooreLaw,
	title={No Moore's Law for batteries},
	author={Schlachter, Fred},
	journal={Proc. Nat. Acad. Sci. USA},
	volume={110},
	number={14},
	pages={5273--5273},
	year={2013},
	publisher={National Acad Sciences},
	month={Apr.},
}

@article{Tesla_nowire,
  title={The transmission of electrical energy without wires as a means for furthering peace},
  author={Tesla, Nikola},
  journal={Elect. World Eng.},
  volume={7},
  pages={21},
  year={1905},
  month={Jan.},
}

@ARTICLE{2019MicrowaveWPT,
	author={D. {Belo} and D. C. {Ribeiro} and P. {Pinho} and N. {Borges Carvalho}},
	journal={IEEE Trans. Microw. Theory Tech.},
	title={A Selective, Tracking, and Power Adaptive Far-Field Wireless Power Transfer System},
	year={2019},
	volume={67},
	number={9},
	pages={3856-3866},
	doi={10.1109/TMTT.2019.2913653},
	ISSN={},
	month={Sep.},}

@ARTICLE{LaserJin,  
author={K. {Jin} and W. {Zhou}},  
journal={IEEE Transactions on Power Electronics},  
 title={Wireless Laser Power Transmission: A Review of Recent Progress},   
 year={2019},  
 volume={34},  
 number={4},  
 pages={3842-3859}, 
 month={Apr. }}

 @ARTICLE{CapacitiveWPT,
	author={F. {Lu} and H. {Zhang} and H. {Hofmann} and C. {Mi}},
	journal={IEEE Trans. Power Electron.},
	title={A Double-Sided {LCLC}-Compensated Capacitive Power Transfer System for Electric Vehicle Charging},
	year={2015},
	volume={30},
	number={11},
	pages={6011-6014},
	doi={10.1109/TPEL.2015.2446891},
	ISSN={},
	month={Nov.},}

@ARTICLE{Comparison_IPT_CPT_2015,
author={J. {Dai} and D. C. {Ludois}},
journal={IEEE Trans. Power Electron.},
title={A Survey of Wireless Power Transfer and a Critical Comparison of Inductive and Capacitive Coupling for Small Gap Applications},
year={2015},
volume={30},
number={11},
pages={6017-6029},
ISSN={1941-0107},
month={Nov.},}

@article{Soljacic_science,
  title={Wireless power transfer via strongly coupled magnetic resonances},
  author={Kurs, Andre and Karalis, Aristeidis and Moffatt, Robert and Joannopoulos, John D and Fisher, Peter and Solja{\v{c}}i{\'c}, Marin},
  journal={science},
  volume={317},
  number={5834},
  pages={83--86},
  month={Jul.},
  year={2007},
  publisher={American Association for the Advancement of Science}
}

@article{Qi2016wireless,
  title={The {Qi} Wireless Power Transfer System, Power Class 0 Specification},
  journal={Wireless Power Consortium},
  year={2016},
  month={Apr.},
  note={{Available}: https://www.wirelesspowerconsortium.com/}
}

@article{SAE2016wireless,
  title={Wireless power transfer for light-duty plug-in/electric vehicles and alignment methodology},
  journal={SAE International},
  year={J2954, Apr. 2019}
}

@ARTICLE{2017supercapacitor85kHz,
	author={Z. {Li} and C. {Zhu} and J. {Jiang} and K. {Song} and G. {Wei}},
	journal={IEEE Trans. Power Electron.},
	title={A {3-kW} Wireless Power Transfer System for Sightseeing Car Supercapacitor Charge},
	year={2017},
	volume={32},
	number={5},
	pages={3301-3316},
	doi={10.1109/TPEL.2016.2584701},
	ISSN={1941-0107},
	month={May},}

@ARTICLE{2018AUV465kHz,
author={T. {Kan} and R. {Mai} and P. P. {Mercier} and C. C. {Mi}},
journal={IEEE Trans. Power Electron.},
title={Design and Analysis of a Three-Phase Wireless Charging System for Lightweight Autonomous Underwater Vehicles},
year={2018},
volume={33},
number={8},
pages={6622-6632},
doi={10.1109/TPEL.2017.2757015},
ISSN={1941-0107},
month={Aug.},}

@ARTICLE{2017Dynamic85kHz,
	author={A. {Zaheer} and M. {Neath} and H. Z. Z. {Beh} and G. A. {Covic}},
	journal={IEEE Trans. Transp. Electrif.},
	title={A Dynamic {EV} Charging System for Slow Moving Traffic Applications},
	year={2017},
	volume={3},
	number={2},
	pages={354-369},
	doi={10.1109/TTE.2016.2628796},
	ISSN={2372-2088},
	month={Jun.},}

@article{Diekhans2015dual,
	title={A dual-side controlled inductive power transfer system optimized for large coupling factor variations and partial load},
	author={Diekhans, Tobias and De Doncker, Rik W},
	journal={IEEE Trans. Power Electron.},
	volume={30},
	number={11},
	pages={6320--6328},
	year={2015},
	month={Nov.},
	publisher={IEEE}
}

@article{Ahn2015wirelessFeedbackControl,
	title={Wireless power transfer with automatic feedback control of load resistance transformation},
	author={Ahn, Dukju and Kim, Seongmin and Moon, Jungick and Cho, In-Kui},
	journal={IEEE Trans. Power Electron.},
	volume={31},
	number={11},
	pages={7876--7886},
	year={2016},
	month={Nov.},
	publisher={IEEE}
}


@article{Berger2015phaseshift,
	title={A wireless charging system applying phase-shift and amplitude control to maximize efficiency and extractable power},
	author={Berger, Andreas and Agostinelli, Matteo and Vesti, Sanna and Oliver, Jes{\'u}s A and Cobos, Jos{\'e} A and Huemer, Mario},
	journal={IEEE Trans. Power Electron.},
	volume={30},
	number={11},
	pages={6338--6348},
	year={2015},
	month={Nov.},
	publisher={IEEE}
}

@ARTICLE{2014BipolarPad,
	author={A. {Zaheer} and G. A. {Covic} and D. {Kacprzak}},
	journal={IEEE Trans. Ind. Electron.},
	title={A Bipolar Pad in a 10-{kHz} 300-{W} Distributed {IPT} System for {AGV} Applications},
	year={2014},
	volume={61},
	number={7},
	pages={3288-3301},
	doi={10.1109/TIE.2013.2281167},
	ISSN={1557-9948},
	month={Jul.},}

@ARTICLE{2017TripolarPad,
	author={S. {Kim} and G. A. {Covic} and J. T. {Boys}},
	journal={IEEE Trans. Power Electron.},
	title={Tripolar Pad for Inductive Power Transfer Systems for {EV} Charging},
	year={2017},
	volume={32},
	number={7},
	pages={5045-5057},
	doi={10.1109/TPEL.2016.2606893},
	ISSN={1941-0107},
	month={Jul.},}

@ARTICLE{Fullbridge2020MHz,
	author={H. {Tebianian} and Y. {Salami} and B. {Jeyasurya} and J. E. {Quaicoe}},
	journal={IEEE Trans. Ind. Electron.},
	title={A 13.56-{MH}z Full-Bridge Class-{D} {ZVS} Inverter With Dynamic Dead-Time Control for Wireless Power Transfer Systems},
	year={2020},
	volume={67},
	number={2},
	pages={1487-1497},
	ISSN={},
	month={Feb.},}

	@ARTICLE{ClassDDeadTime,
	author={H. {Tebianian} and Y. {Salami} and B. {Jeyasurya} and J. E. {Quaicoe}},
	journal={IEEE Trans. Ind. Electron.},
	title={A {13.56-MHz} Full-Bridge Class-{D ZVS} Inverter With Dynamic Dead-Time Control for Wireless Power Transfer Systems},
	year={2020},
	volume={67},
	number={2},
	pages={1487-1497},
	doi={10.1109/TIE.2018.2890505},
	ISSN={1557-9948},
	month={Feb.},}

	@ARTICLE{NonlinearSwitch2015,
	author={K. {Chen} and Z. {Zhao} and L. {Yuan} and T. {Lu} and F. {He}},
	journal={IEEE Trans. Electron Devices},
	title={The Impact of Nonlinear Junction Capacitance on Switching Transient and Its Modeling for {SiC MOSFET}},
	year={2015},
	volume={62},
	number={2},
	pages={333-338},
	doi={10.1109/TED.2014.2362657},
	ISSN={1557-9646},
	month={Feb.},}

	@ARTICLE{EMIWPT2017,
	author={T. {Campi} and S. {Cruciani} and V. {De Santis} and F. {Palandrani} and F. {Maradei} and M. {Feliziani}},
	journal={IEEE Trans. Magn.},
	title={Induced Effects in a Pacemaker Equipped With a Wireless Power Transfer Charging System},
	year={2017},
	volume={53},
	number={6},
	pages={1-4},
	doi={10.1109/TMAG.2017.2661859},
	ISSN={1941-0069},
	month={Jun.},}

	@ARTICLE{EMIWPT2018,
	author={C. {Song} and H. {Kim} and Y. {Kim} and D. {Kim} and S. {Jeong} and Y. {Cho} and S. {Lee} and S. {Ahn} and J. {Kim}},
	journal={IEEE Trans. Ind. Electron.},
	title={{EMI} Reduction Methods in Wireless Power Transfer System for Drone Electrical Charger Using Tightly Coupled Three-Phase Resonant Magnetic Field},
	year={2018},
	volume={65},
	number={9},
	pages={6839-6849},
	doi={10.1109/TIE.2018.2793275},
	ISSN={1557-9948},
	month={Sep.},}

@ARTICLE{MatrixInductor,
	author={Liu, Yuanyuan and Feng, Hongwei},
	journal={IEEE J. Emerg. Sel. Topics Power Electron.},
	title={Maximum Efficiency Tracking Control Method for WPT System Based on Dynamic Coupling Coefficient Identification and Impedance Matching Network},
	year={2020},
	volume={8},
	number={4},
	pages={3633-3643},
	doi={10.1109/JESTPE.2019.2935219}}

@ARTICLE{VariableCap,
	author={Li, Yang and Dong, Weihao and Yang, Qingxin and Zhao, Jingtai and Liu, Liu and Feng, Shaojie},
	journal={IEEE Trans. Ind. Electron.}, 
	title={An Automatic Impedance Matching Method Based on the Feedforward-Backpropagation Neural Network for a WPT System},
	year={2019},
	volume={66},
	number={5},
	pages={3963-3972},
	doi={10.1109/TIE.2018.2835410}}

@ARTICLE{ExplicitIMN,
author={Shao, Yaoxia and Zhang, Huan and Liu, Ming and Ma, Chengbin},
journal={IEEE Trans. Power Electron.}, title={Explicit Design of Impedance Matching Networks for Robust MHz WPT Systems with Different Features},
year={2022},
volume={},
number={},
pages={1-1},
doi={10.1109/TPEL.2022.3165296}}

@ARTICLE{BatteryWPT2015,
	author={X. {Qu} and H. {Han} and S. {Wong} and C. K. {Tse} and W. {Chen}},
	journal={IEEE Trans. Power Electron.},
	title={Hybrid {IPT} Topologies With Constant Current or Constant Voltage Output for Battery Charging Applications},
	year={2015},
	volume={30},
	number={11},
	pages={6329-6337},
	doi={10.1109/TPEL.2015.2396471},
	ISSN={1941-0107},
	month={Nov.},}

@ARTICLE{FuOptimal2015,
author={Fu, Minfan and Zhang, Tong and Ma, Chengbin and Zhu, Xinen},
journal={IEEE Trans. Microw. Theory Techn.}, title={Efficiency and Optimal Loads Analysis for Multiple-Receiver Wireless Power Transfer Systems},
year={2015},
volume={63},
number={3},
pages={801-812},
doi={10.1109/TMTT.2015.2398422}}

@ARTICLE{HuanEdge,
author={Zhang, Huan and Shao, Yaoxia and Liu, Ming and Ma, Chengbin},
journal={IEEE Trans. Power Electron.}, title={A Wide-Load-Range and Compact MHz Wireless Power Transfer System Based on Novel Reactance Compression Design and Edge Inductor},
year={2021},
volume={36},
number={10},
pages={11183-11195},
doi={10.1109/TPEL.2021.3073571}}