@article{Sharma_reviewUC,
  title={A review on electrochemical double-layer capacitors},
  author={Sharma, Pawan and Bhatti, TS},
  journal={Energy Conversion and Management},
  volume={51},
  number={12},
  pages={2901--2912},
  year={2010},
  publisher={Elsevier}
}

@article{Kotz_UC,
  title={Principles and applications of electrochemical capacitors},
  author={K{\"o}tz, R and Carlen, M},
  journal={Electrochimica Acta},
  volume={45},
  number={15},
  pages={2483--2498},
  year={2000},
  publisher={Elsevier}
}

@article{Burke_EVs,
  title={The power capability of ultracapacitors and lithium batteries for electric and hybrid vehicle applications},
  author={Burke, Andrew and Miller, Marshall},
  journal={Journal of power sources},
  volume={196},
  number={1},
  pages={514--522},
  year={2011},
  publisher={Elsevier}
}

@article{Burke_Why,
  title={Ultracapacitors: why, how, and where is the technology},
  author={Burke, Andrew},
  journal={Journal of power sources},
  volume={91},
  number={1},
  pages={37--50},
  year={2000},
  publisher={Elsevier}
}

@article{Schindall_Nanotube,
  title={Electrochemical double-layer capacitors using carbon nanotube electrode structures},
  author={Signorelli, Riccardo and Ku, Daniel C and Kassakian, John G and Schindall, Joel E},
  journal={Proceedings of the IEEE},
  volume={97},
  number={11},
  pages={1837--1847},
  year={2009},
  publisher={IEEE}
}

@incollection{Naoi_Nanogate,
  title={Electrochemical Supercapacitors and Hybrid Systems},
  author={Naoi, Katsuhiko},
  booktitle={Batteries for Sustainability},
  pages={93--115},
  year={2013},
  publisher={Springer}
}

@article{Khaligh_state-of-art,
  title={Battery, ultracapacitor, fuel cell, and hybrid energy storage systems for electric, hybrid electric, fuel cell, and plug-in hybrid electric vehicles: State of the art},
  author={Khaligh, Alireza and Li, Zhihao},
  journal=IEEE_J_VT,
  volume={59},
  number={6},
  pages={2806--2814},
  year={2010},
  publisher={IEEE}
}

@article{Kuperman_topologies,
  title={Battery--ultracapacitor hybrids for pulsed current loads: A review},
  author={Kuperman, Alon and Aharon, Ilan},
  journal={Renewable and Sustainable Energy Reviews},
  volume={15},
  number={2},
  pages={981--992},
  year={2011},
  publisher={Elsevier}
}

@article{Stienecker_leadAcid,
  title={An ultracapacitor circuit for reducing sulfation in lead acid batteries for Mild Hybrid Electric Vehicles},
  author={Stienecker, Adam W and Stuart, Thomas and Ashtiani, Cyrus},
  journal={Journal of Power Sources},
  volume={156},
  number={2},
  pages={755--762},
  year={2006},
  publisher={Elsevier}
}

@article{Kroz_simulation,
  title={Simulation of a supercapacitor/Li-ion battery hybrid for pulsed applications},
  author={Cericola, D and Ruch, PW and K{\"o}tz, R and Nov{\'a}k, P and Wokaun, A},
  journal={Journal of Power Sources},
  volume={195},
  number={9},
  pages={2731--2736},
  year={2010},
  publisher={Elsevier}
}

@article{Dixon_DCDC,
  title={Ultracapacitor-based auxiliary energy system for an electric vehicle: Implementation and evaluation},
  author={Ort{\'u}zar, Micah and Moreno, Jorge and Dixon, Juan},
  journal=IEEE_J_IE,
  volume={54},
  number={4},
  pages={2147--2156},
  year={2007},
  publisher={IEEE}
}

@article{Onar_DCDC,
  title={A novel integrated magnetic structure based DC/DC converter for hybrid battery/ultracapacitor energy storage systems},
  author={Onar, Omer Caglar and Khaligh, Alireza},
  journal={Smart Grid, IEEE Transactions on},
  volume={3},
  number={1},
  pages={296--307},
  year={2012},
  publisher={IEEE}
}

@article{Dixon_leadAcid,
  title={Energy-management system for a hybrid electric vehicle, using ultracapacitors and neural networks},
  author={Moreno, Jorge and Ort{\'u}zar, Micah E and Dixon, Juan W},
  journal=IEEE_J_IE,
  volume={53},
  number={2},
  pages={614--623},
  year={2006},
  publisher={IEEE}
}

@article{Chris_wavelet,
  title={Wavelet-transform-based power management of hybrid vehicles with multiple on-board energy sources including fuel cell, battery and ultracapacitor},
  author={Zhang, Xi and Mi, Chris Chunting and Masrur, Abul and Daniszewski, David},
  journal={Journal of Power Sources},
  volume={185},
  number={2},
  pages={1533--1543},
  year={2008},
  publisher={Elsevier}
}

@article{Erdinc_fuzzy,
  title={A wavelet-fuzzy logic based energy management strategy for a fuel cell/battery/ultra-capacitor hybrid vehicular power system},
  author={Erdinc, O and Vural, B and Uzunoglu, M},
  journal={Journal of Power sources},
  volume={194},
  number={1},
  pages={369--380},
  year={2009},
  publisher={Elsevier}
}

@article{Zandi_fuzzy,
  title={Energy management of a fuel cell/supercapacitor/battery power source for electric vehicular applications},
  author={Zandi, Majid and Payman, Alireza and Martin, J-P and Pierfederici, Serge and Davat, Bernard and Meibody-Tabar, Farid},
  journal=IEEE_J_VT,
  volume={60},
  number={2},
  pages={433--443},
  year={2011},
  publisher={IEEE}
}

@article{Rotenberg_MPC,
  title={Ultracapacitor assisted powertrains: modeling, control, sizing, and the impact on fuel economy},
  author={Rotenberg, Dean and Vahidi, Ardalan and Kolmanovsky, Ilya},
  journal=IEEE_J_CST,
  volume={19},
  number={3},
  pages={576--589},
  year={2011},
  publisher={IEEE}
}

@article{Laldin_Markov,
  title={Predictive Algorithm for Optimizing Power Flow in Hybrid Ultracapacitor/Battery Storage Systems for Light Electric Vehicles},
  author={Laldin, Omar and Moshirvaziri, Mazhar and Trescases, Olivier},
  journal=IEEE_J_PWRE,
  year={2013},
  publisher={IEEE}
}

@article{Choi_Multi,
  title={Energy management optimization in a battery/supercapacitor hybrid energy storage system},
  author={Choi, Mid-Eum and Kim, Seong-Woo and Seo, Seung-Woo},
  journal={Smart Grid, IEEE Transactions on},
  volume={3},
  number={1},
  pages={463--472},
  year={2012},
  publisher={IEEE}
}

@article{Khaligh_sizing,
  title={Influence of battery/ultracapacitor energy-storage sizing on battery lifetime in a fuel cell hybrid electric vehicle},
  author={Schaltz, Erik and Khaligh, Alireza and Rasmussen, Peter Omand},
  journal=IEEE_J_VT,
  volume={58},
  number={8},
  pages={3882--3891},
  year={2009},
  publisher={IEEE}
}

@article{Hochgraf_degradation,
  title={Effect of Ultracapacitor-Modified PHEV Protocol on Performance Degradation in Lithium-Ion Cells},
  author={Hochgraf, Clark G and Basco, John K and Bohn, Theodore P and Bloom, Ira},
  journal={Journal of Power Sources},
  year={2012},
  publisher={Elsevier}
}

@article{Overview_Sandia,
  title={Overview of Storage Development DOE Hydrogen Program},
  author={Thomas, George and San Ramon, CA},
  journal={Sandia National Laboratories},
  volume={9},
  year={2000}
}

@article{Conte_review,
  title={Battery and battery management for hybrid electric vehicles: a review},
  author={Conte, FV},
  journal={e \& i Elektrotechnik und Informationstechnik},
  volume={123},
  number={10},
  pages={424--431},
  year={2006},
  publisher={Springer}
}

@inproceedings{Fishelson_USU,
  title={An Evaluation Framework for an Automated Electric Transportation Network},
  author={Fishelson, James and Heaslip, Kevin and Louisell, William and Womack, K},
  booktitle={Proc. The 90th Transportation Research Board Annual Meeting},
  address={Washington DC},
  month={Jan.},
  year={2011}
}

@inproceedings{Kaist_OakRidge,
  title={{EV} Charging Through Wireless Power Transfer: Analysis of Efficiency Optimization and Technology Trends},
  author={Rakouth, Heri and Absmeier, John and Brown Jr, Andrew and Suh, In-Soo and Sumner, Randy and Henderson, Richard and others},
  booktitle={Proc. The FISITA 2012 World Automotive Congress},
  pages={871--884},
  address={Beijing, China},
  month={Nov.},
  year={2013}
}


@article{Tesla_nowire,
  title={The transmission of electrical energy without wires as a means for furthering peace},
  author={Tesla, Nikola},
  journal={Elect. World Eng.},
  volume={7},
  pages={21},
  year={1905},
  month={Jan.},
}

@article{Shinohara_microwave,
  title={Power without wires},
  author={Shinohara, Naoki},
  journal=IEEE_J_MAG,
  volume={12},
  number={7},
  pages={S64--S73},
  year={2011},
  publisher={IEEE}
}

@inproceedings{Howell_laser,
  title={Advanced receiver/converter experiments for laser wireless power transmission},
  author={Howell, Joe T and O'Neill, Mark J and Fork, Richard L},
  booktitle={Proc. The 4th International Conference on Solar Power from Space (SPS04)},
  volume={567},
  pages={187--194},
  address={Granada, Spain},
  month={30 June--2 July},
  year={2004}
}

@article{Soljacic_science,
  title={Wireless power transfer via strongly coupled magnetic resonances},
  author={Kurs, Andre and Karalis, Aristeidis and Moffatt, Robert and Joannopoulos, John D and Fisher, Peter and Solja{\v{c}}i{\'c}, Marin},
  journal={science},
  volume={317},
  number={5834},
  pages={83--86},
  month={Jul.},
  year={2007},
  publisher={American Association for the Advancement of Science}
}

@misc{Patrick_book,
  title={Wireless/Contactless Power Supply--Inductively coupled resonant converter solutions, Saarbr{\"u}cken},
  author={Hu, A},
  year={2009},
  publisher={VDM Verlag Dr. M{\"u}ller}
}

@article{Wang_Auckland,
  title={Design considerations for a contactless electric vehicle battery charger},
  author={Wang, Chwei-Sen and Stielau, Oskar H and Covic, Grant A},
  journal=IEEE_J_IE,
  volume={52},
  number={5},
  pages={1308--1314},
  year={2005},
  publisher={IEEE}
}

@inproceedings{Kobayashi_bus,
  title={Development and performance evaluation of a non-contact rapid charging inductive power supply system for electric micro-bus},
  author={Kobayashi, Kimiyoshi and Pontefract, Thomas and Kamiya, Yushi and Daisho, Yasuhiro},
  booktitle={Proc. The 7th {IEEE} Vehicle Power and Propulsion Conference (VPPC'11)},
  address={Chigago, IL},
  month={Sep.},
  year={2011}
}

@article{Budhia_largeGap,
  title={Design and optimization of circular magnetic structures for lumped inductive power transfer systems},
  author={Budhia, Mickel and Covic, Grant A and Boys, John T},
  journal=IEEE_J_PWRE,
  volume={26},
  number={11},
  pages={3096--3108},
  year={2011},
  publisher={IEEE}
}

@inproceedings{ITU_ISM,
  title={Improving the effectiveness, flexibility and availability of spectrum for short range devices},
  author={Radiocommunication Advisory Group},
  booktitle={Document RAG07-1/17-E},
  address = {Geneva, Switzerland},
  pages={1--17},
  month={Jan.},
  year={2007},
  organization={International Telecommunication Union}
}

@article{Lee_MHz,
  title={Development and validation of model for 95\%-efficiency 220-W wireless power transfer over a 30-cm air gap},
  author={Lee, Seung-Hwan and Lorenz, Robert D},
  journal=IEEE_J_IA,
  volume={47},
  number={6},
  pages={2495--2504},
  year={2011},
  publisher={IEEE}
}

@article{Hori_MHz,
  title={Maximizing air gap and efficiency of magnetic resonant coupling for wireless power transfer using equivalent circuit and Neumann formula},
  author={Imura, Takehiro and Hori, Yoichi},
  journal=IEEE_J_IE,
  volume={58},
  number={10},
  pages={4746--4752},
  year={2011},
  publisher={IEEE}
}

%%%%%%%%%%%%%%%%%%%%%%%%%%%%%%%%%%%%%%%%%%

@INPROCEEDINGS{Song2017,
author={J. {Song} and M. {Liu} and C. {Ma}},
booktitle={2017 IEEE PELS Workshop on Emerging Technologies: Wireless Power Transfer (WoW)},
title={Efficiency optimization and power distribution design of a megahertz multi-receiver wireless power transfer system},
year={2017},
volume={},
number={},
pages={54-58},
month={May},}


@ARTICLE{Rivas2008,
author={J. M. {Rivas} and Y. {Han} and O. {Leitermann} and A. D. {Sagneri} and D. J. {Perreault}},
journal={IEEE Trans. Power Electron.},
title={A High-Frequency Resonant Inverter Topology With Low-Voltage Stress},
year={2008},
volume={23},
number={4},
pages={1759-1771},
month={Jul.},}

@INPROCEEDINGS{Nitz1988,
author={W. A. {Nitz} and W. C. {Bowman} and F. T. {Dickens} and F. M. {Magalhaes} and W. {Strauss} and W. B. {Suiter} and N. G. {Ziesse}},
booktitle={APEC '88 Third Annual IEEE Applied Power Electronics Conference and Exposition},
title={A new family of resonant rectifier circuits for high frequency DC-DC converter applications},
year={1988},
volume={},
number={},
pages={12-22},
month={Feb.},}

@ARTICLE{Aldhaher2016,
author={S. {Aldhaher} and D. C. {Yates} and P. D. {Mitcheson}},
journal={IEEE Trans. Power Electron.},
title={Design and Development of a Class EF$_2$ Inverter and Rectifier for Multimegahertz Wireless Power Transfer Systems},
year={2016},
volume={31},
number={12},
pages={8138-8150},
month={Dec.},}

@ARTICLE{FLiu2018Multifrequency,
author={F. Liu and Y. Yang and Z. Ding and X. Chen and R. M. Kennel},
journal={IEEE Trans. Power Electron.},
title={A Multifrequency Superposition Methodology to Achieve High Efficiency and Targeted Power Distribution for a Multiload {MCR WPT} System},
year={2018},
volume={33},
number={10},
pages={9005-9016},
month={Oct.},}

@ARTICLE{kim2016,
	author={Y. J. Kim and D. Ha and W. J. Chappell and P. P. Irazoqui},
	journal={IEEE Trans. Ind. Electron.},
	title={Selective Wireless Power Transfer for Smart Power Distribution in a Miniature-Sized Multiple-Receiver System},
	year={2016},
	volume={63},
	number={3},
	pages={1853-1862},
	month={Mar.},}

@ARTICLE{wzhong2015auxiliary,
	author={W. Zhong and S. Y. R. Hui},
	journal={IEEE Trans. Power Electron.},
	title={Auxiliary Circuits for Power Flow Control in Multifrequency Wireless Power Transfer Systems With Multiple Receivers},
	year={2015},
	volume={30},
	number={10},
	pages={5902-5910},
	month={Oct.},}

@ARTICLE{He2018auto,
	author={H. Yin and M. Fu and M. Liu and J. Song and C. Ma},
	journal={IEEE Trans. Ind. Electron.},
	title={Autonomous Power Control in a Reconfigurable {6.78-MHz} Multiple-Receiver Wireless Charging System},
	year={2018},
	volume={65},
	number={8},
	pages={6177-6187},
	month={Aug.},}

@ARTICLE{MFu2017Multiple,
	author={M. Fu and H. Yin and C. Ma},
	journal={IEEE Trans. Microw. Theory Tech.},
	title={Megahertz Multiple-Receiver Wireless Power Transfer Systems With Power Flow Management and Maximum Efficiency Point Tracking},
	year={2017},
	volume={65},
	number={11},
	pages={4285-4293},
	month={Nov.},}


@article{kobayashi2001current,
	title={Current-mode class-D power amplifiers for high-efficiency RF applications},
	author={Kobayashi, Hidenori and Hinrichs, Jeffrey M and Asbeck, Peter M},
	journal={IEEE Transactions on Microwave Theory and Techniques},
	volume={49},
	number={12},
	pages={2480--2485},
	year={2001},
	publisher={IEEE}
}



@inproceedings{wang2018primary,
	title={A Primary-Sided CLC Compensated Wireless Power Transfer System Based on the Class D Amplifier},
	author={Wang, Yao and Liu, Weiguo and Huangfu, Yigeng},
	booktitle={IECON 2018-44th Annual Conference of the IEEE Industrial Electronics Society},
	pages={943--947},
	year={2018},
	organization={IEEE}
}

@INPROCEEDINGS{Battery1,
	author={H. V. {Venkatasetty} and Y. U. {Jeong}},
	booktitle={Seventeenth Annual Battery Conference on Applications and Advances. Proceedings of Conference (Cat. No.02TH8576)},
	title={Recent advances in lithium-ion and lithium-polymer batteries},
	year={2002},
	volume={},
	number={},
	pages={173-178},
	month={Jan.},}

@ARTICLE{Battery2,
	author={A. {Khaligh} and Z. {Li}},
	journal={IEEE Transactions on Vehicular Technology},
	title={Battery, Ultracapacitor, Fuel Cell, and Hybrid Energy Storage Systems for Electric, Hybrid Electric, Fuel Cell, and Plug-In Hybrid Electric Vehicles: State of the Art},
	year={2010},
	volume={59},
	number={6},
	pages={2806-2814},
	month={Jul.},}


@ARTICLE{LowHarmonic,
	author={M. {Liu} and M. {Fu} and C. {Ma}},
	journal={IEEE Trans. Power Electron.},
	title={Low-Harmonic-Contents and High-Efficiency Class {E} Full-Wave Current-Driven Rectifier for Megahertz Wireless Power Transfer Systems},
	year={2017},
	volume={32},
	number={2},
	pages={1198-1209},
	month={Feb.},}

@ARTICLE{ParameterDesign,
	author={M. {Liu} and M. {Fu} and C. {Ma}},
	journal={IEEE Trans. Power Electron.},
	title={Parameter Design for a 6.78-{MH}z Wireless Power Transfer System Based on Analytical Derivation of Class {E} Current-Driven Rectifier},
	year={2016},
	volume={31},
	number={6},
	pages={4280-4291},
	month={Jun.},}

@INPROCEEDINGS{FanFullBridge,
	author={M. {Fu} and {Zefan Tang} and M. {Liu} and C. {Ma} and X. {Zhu}},
	booktitle={2015 IEEE PELS Workshop on Emerging Technologies: Wireless Power (2015 WoW)},
	title={Full-bridge rectifier input reactance compensation in Megahertz wireless power transfer systems},
	year={2015},
	volume={},
	number={},
	pages={1-5},
	month={Jun.},}

@ARTICLE{ClassEFullWaveCCalculation,
	author={A. {Reatti} and M. K. {Kazimierczuk} and R. {Redl}},
	journal={IEEE Trans. Circuits Syst.},
	title={ Class {E} full-wave low dv/dt rectifier},
	year={1993},
	volume={40},
	number={2},
	pages={73-85},
	month={Feb.},}

@ARTICLE{FanCrosscoupling2016,
    author={M. {Fu} and T. {Zhang} and X. {Zhu} and P. C. {Luk} and C. {Ma}},
    journal={IEEE Trans. Ind. Informat.},
    title={Compensation of Cross Coupling in Multiple-Receiver Wireless Power Transfer Systems},
    year={2016},
    volume={12},
    number={2},
    pages={474-482},
    month={Apr.},}

@ARTICLE{LiuBattery,
	author={M. {Liu} and C. {Zhao} and J. {Song} and C. {Ma}},
	journal={IEEE Trans. Ind. Electron.},
	title={Battery Charging Profile-Based Parameter Design of a 6.78-{MHz} Class {E}$^2$ Wireless Charging System},
	year={2017},
	volume={64},
	number={8},
	pages={6169-6178},
	month={Aug.},}

@article{Suetsugu2003Comparison,
	title={Comparison of class-{E} amplifier with nonlinear and linear shunt capacitance},
	author={Suetsugu, T. and Kazimierczuk, M.K.},
	journal={Circuits and Systems I Fundamental Theory and Applications IEEE Transactions on},
	volume={50},
	number={8},
	pages={1089-1097},
	year={2003},
}

@book{albulet2001rf,
  title={RF power amplifiers},
  author={Albulet, Mihai},
  year={2001},
  publisher={SciTech Publishing}
}

@ARTICLE{Raab1977,
author={F. {Raab}},
journal={IEEE Trans. Circuits Syst.},
title={Idealized operation of the Class {E} tuned power amplifier},
year={1977},
volume={24},
number={12},
pages={725-735},
month={Dec.},}

@ARTICLE{Jibin2019,
author={J. {Song} and M. {Liu} and C. {Ma}},
journal={IEEE Trans. Ind. Electron.},
title={Analysis and Design of A High-Efficiency 6.78-{MHz} Wireless Power Transfer System with Scalable Number of Receivers},
year={2019},
volume={},
number={},
doi={10.1109/TIE.2019.2950850},
month={DOI:10.1109/TIE.2019.2950850,}}

@ARTICLE{shunagke2017,
author={S. {Liu} and M. {Liu} and S. {Yang} and C. {Ma} and X. {Zhu}},
journal={IEEE Trans. Power Electron.},
title={A Novel Design Methodology for High-Efficiency Current-Mode and Voltage-Mode Class-{E} Power Amplifiers in Wireless Power Transfer systems},
year={2017},
volume={32},
number={6},
pages={4514-4523},
month={Jun.},}

@ARTICLE{shunagke2018,
author={S. {Liu} and M. {Liu} and S. {Han} and X. {Zhu} and C. {Ma}},
journal={IEEE Trans. Power Electron.},
title={Tunable Class {E}$^2$ DCDC Converter With High Efficiency and Stable Output Power for 6.78-{MH}z Wireless Power Transfer},
year={2018},
volume={33},
number={8},
pages={6877-6886},
month={Aug.},}

@article{MooreLaw,
	title={No Moore's Law for batteries},
	author={Schlachter, Fred},
	journal={Proc. Nat. Acad. Sci. USA},
	volume={110},
	number={14},
	pages={5273--5273},
	year={2013},
	publisher={National Acad Sciences},
	month={Apr.},
}

@ARTICLE{CapacitiveWPT,
	author={F. {Lu} and H. {Zhang} and H. {Hofmann} and C. {Mi}},
	journal={IEEE Trans. Power Electron.},
	title={A Double-Sided {LCLC}-Compensated Capacitive Power Transfer System for Electric Vehicle Charging},
	year={2015},
	volume={30},
	number={11},
	pages={6011-6014},
	doi={10.1109/TPEL.2015.2446891},
	ISSN={},
	month={Nov.},}

@article{ITU-Rsection,
	title={International telecommunication union (itu)},
	author={Sector, Radiocommunication},
	journal={General Aspects of Digital Transmission Systems--Terminal Equipments. Pulse Code Modulation of Voice Frequencies. ITU-T Recommendation G},
	volume={711},
	year={2013}
}

@article{wirelessOverview,
	title={Wireless power transfer-An overview},
	author={Zhang, Zhen and Pang, Hongliang and Georgiadis, Apostolos and Cecati, Carlo},
	journal={IEEE Trans. Ind. Electron.},
	volume={66},
	number={2},
	pages={1044--1058},
	year={2019},
	month={Feb.},
	publisher={IEEE}
}

@book{kazimierczuk2012resonant,
	title={Resonant power converters},
	author={Kazimierczuk, Marian K and Czarkowski, Dariusz},
	year={2012},
	publisher={John Wiley \& Sons}
}

@article{Liu2016Robust,
	title={Analysis and Design of A Robust Class {E}$^2$ DC--DC Converter for Megahertz Wireless Power Transfer},
	author={Liu, Ming and Qiao, Yue and Liu, Shuangke and Ma, Chengbin},
	journal={IEEE Trans. Power Electron.},
	volume={32},
	number={4},
	pages={2835--2845},
	year={2016},
	publisher={IEEE}
}

@article{Fu2014analysis,
	title={Analysis and tracking of optimal load in wireless power transfer systems},
	author={Fu, Minfan and Yin, He and Zhu, Xinen and Ma, Chengbin},
	journal={IEEE Trans. Power Electron.},
	volume={30},
	number={7},
	pages={3952--3963},
	year={2014},
	publisher={IEEE}
}


@article{Fu2018analysis,
	title={Analysis and Optimized Design of Compensation Capacitors for a Megahertz {WPT} System Using Full-Bridge Rectifier},
	author={Fu, Minfan and Tang, Zefan and Ma, Chengbin},
	journal={IEEE Trans. Ind. Informat.},
	volume={15},
	number={1},
	pages={95--104},
	year={2019},
	month={Jan.},
	publisher={IEEE}
}


@ARTICLE{LaserJin,  
author={K. {Jin} and W. {Zhou}},  
journal={IEEE Transactions on Power Electronics},  
 title={Wireless Laser Power Transmission: A Review of Recent Progress},   
 year={2019},  
 volume={34},  
 number={4},  
 pages={3842-3859}, 
 month={Apr. }}

@article{Diekhans2015dual,
	title={A dual-side controlled inductive power transfer system optimized for large coupling factor variations and partial load},
	author={Diekhans, Tobias and De Doncker, Rik W},
	journal={IEEE Trans. Power Electron.},
	volume={30},
	number={11},
	pages={6320--6328},
	year={2015},
	month={Nov.},
	publisher={IEEE}
}

@article{Ahn2015wirelessFeedbackControl,
	title={Wireless power transfer with automatic feedback control of load resistance transformation},
	author={Ahn, Dukju and Kim, Seongmin and Moon, Jungick and Cho, In-Kui},
	journal={IEEE Trans. Power Electron.},
	volume={31},
	number={11},
	pages={7876--7886},
	year={2016},
	month={Nov.}
	publisher={IEEE}
}

@article{Berger2015phaseshift,
	title={A wireless charging system applying phase-shift and amplitude control to maximize efficiency and extractable power},
	author={Berger, Andreas and Agostinelli, Matteo and Vesti, Sanna and Oliver, Jes{\'u}s A and Cobos, Jos{\'e} A and Huemer, Mario},
	journal={IEEE Trans. Power Electron.},
	volume={30},
	number={11},
	pages={6338--6348},
	year={2015},
	month={Nov.}
	publisher={IEEE}
}


@ARTICLE{Fullbridge2020MHz,
	author={H. {Tebianian} and Y. {Salami} and B. {Jeyasurya} and J. E. {Quaicoe}},
	journal={IEEE Trans. Ind. Electron.},
	title={A 13.56-{MH}z Full-Bridge Class-{D} {ZVS} Inverter With Dynamic Dead-Time Control for Wireless Power Transfer Systems},
	year={2020},
	volume={67},
	number={2},
	pages={1487-1497},
	ISSN={},
	month={Feb.},}

@ARTICLE{1975ClassE,
	author={N. O. {Sokal} and A. D. {Sokal}},
	journal={IEEE J. Solid-State Circuits},
	title={Class {E}-A new class of high-efficiency tuned single-ended switching power amplifiers},
	year={1975},
	volume={10},
	number={3},
	pages={168-176},
	doi={10.1109/JSSC.1975.1050582},
	ISSN={},
	month={Jun.},}


@ARTICLE{1992ClassERectifier,
	author={A. {Ivascu} and M. K. {Kazimierczuk} and S. {Birca-Galateanu}},
	journal={IEEE Trans. Circuits Syst.},
	title={Class {E} resonant low dv/dt rectifier},
	year={1992},
	volume={39},
	number={8},
	pages={604-613},
	ISSN={},
	month={Aug.},}

@ARTICLE{2019MicrowaveWPT,
	author={D. {Belo} and D. C. {Ribeiro} and P. {Pinho} and N. {Borges Carvalho}},
	journal={IEEE Trans. Microw. Theory Tech.},
	title={A Selective, Tracking, and Power Adaptive Far-Field Wireless Power Transfer System},
	year={2019},
	volume={67},
	number={9},
	pages={3856-3866},
	doi={10.1109/TMTT.2019.2913653},
	ISSN={},
	month={Sep.},}

@ARTICLE{Mingbatteryprofile2017,
author={M. {Liu} and C. {Zhao} and J. {Song} and C. {Ma}},
journal={IEEE Trans. Ind. Electron.},
title={Battery Charging Profile-Based Parameter Design of a 6.78-{MH}z Class {E}$^2$ Wireless Charging System},
year={2017},
volume={64},
number={8},
pages={6169-6178},
month={Aug.},}

@article{Qi2016wireless,
  title={The {Qi} Wireless Power Transfer System, Power Class 0 Specification},
  journal={Wireless Power Consortium},
  year={2016},
  month={Apr.},
  note={{Available}: https://www.wirelesspowerconsortium.com/}
}

@article{SAE2016wireless,
  title={Wireless power transfer for light-duty plug-in/electric vehicles and alignment methodology},
  journal={SAE International},
  year={J2954, Apr. 2019}
}

@ARTICLE{Bat_Overview,
author={Amin Mahmoudzadeh Andwaria and Apostolos Pesiridisa and Srithar Rajooc and Ricardo Martinez-
Botasd and Vahid Esfahanianb},
journal={Renew. Sustain. Energy Rev.},
title={A review of Battery Electric Vehicle technology and readiness levels},
year={2017},
volume={78},
pages={414-430},
month={May},}

@ARTICLE{Comparison_IPT_CPT_2015,
	author={J. {Dai} and D. C. {Ludois}},
	journal={IEEE Trans. Power Electron.},
	title={A Survey of Wireless Power Transfer and a Critical Comparison of Inductive and Capacitive Coupling for Small Gap Applications},
	year={2015},
	volume={30},
	number={11},
	pages={6017-6029},
	ISSN={1941-0107},
	month={Nov.},}

@ARTICLE{PushPullClassE2007,
	author={F. {Chen} and J. {Chen} and R. {Lin}},
	journal={IEEE Trans. Circuits Syst.},
	title={Low-Harmonic Push–Pull Class-{E} Power Amplifier With a Pair of {LC} Resonant Networks},
	year={2007},
	volume={54},
	number={3},
	pages={579-589},
	doi={10.1109/TCSI.2006.887637},
	ISSN={1558-0806},
	month={Mar.},}

@ARTICLE{CrossCoupling2013,
	author={D. {Ahn} and S. {Hong}},
	journal={IEEE Trans. Ind. Electron.},
	title={Effect of Coupling Between Multiple Transmitters or Multiple Receivers on Wireless Power Transfer},
	year={2013},
	volume={60},
	number={7},
	pages={2602-2613},
	doi={10.1109/TIE.2012.2196902},
	ISSN={1557-9948},
	month={Jul.},}

@ARTICLE{ChargingControl2016,
	author={M. R. V. {Moghadam} and R. {Zhang}},
	journal={IEEE Trans. Signal Inf. Process. Netw.},
	title={Multiuser Wireless Power Transfer via Magnetic Resonant Coupling: Performance Analysis, Charging Control, and Power Region Characterization},
	year={2016},
	volume={2},
	number={1},
	pages={72-83},
	doi={10.1109/TSIPN.2015.2505904},
	ISSN={2373-7778},
	month={Mar.},}

@ARTICLE{BatteryWPT2015,
	author={X. {Qu} and H. {Han} and S. {Wong} and C. K. {Tse} and W. {Chen}},
	journal={IEEE Trans. Power Electron.},
	title={Hybrid {IPT} Topologies With Constant Current or Constant Voltage Output for Battery Charging Applications},
	year={2015},
	volume={30},
	number={11},
	pages={6329-6337},
	doi={10.1109/TPEL.2015.2396471},
	ISSN={1941-0107},
	month={Nov.},}

@ARTICLE{Battery2010,
	author={A. {Khaligh} and Z. {Li}},
	journal={IEEE Trans. Veh. Technol.},
	title={Battery, Ultracapacitor, Fuel Cell, and Hybrid Energy Storage Systems for Electric, Hybrid Electric, Fuel Cell, and Plug-In Hybrid Electric Vehicles: State of the Art},
	year={2010},
	volume={59},
	number={6},
	pages={2806-2814},
	doi={10.1109/TVT.2010.2047877},
	ISSN={1939-9359},
	month={Jul.},}

@ARTICLE{2017supercapacitor85kHz,
	author={Z. {Li} and C. {Zhu} and J. {Jiang} and K. {Song} and G. {Wei}},
	journal={IEEE Trans. Power Electron.},
	title={A {3-kW} Wireless Power Transfer System for Sightseeing Car Supercapacitor Charge},
	year={2017},
	volume={32},
	number={5},
	pages={3301-3316},
	doi={10.1109/TPEL.2016.2584701},
	ISSN={1941-0107},
	month={May},}

@ARTICLE{2018AUV465kHz,
	author={T. {Kan} and R. {Mai} and P. P. {Mercier} and C. C. {Mi}},
	journal={IEEE Trans. Power Electron.},
	title={Design and Analysis of a Three-Phase Wireless Charging System for Lightweight Autonomous Underwater Vehicles},
	year={2018},
	volume={33},
	number={8},
	pages={6622-6632},
	doi={10.1109/TPEL.2017.2757015},
	ISSN={1941-0107},
	month={Aug.},}

@ARTICLE{2017Dynamic85kHz,
	author={A. {Zaheer} and M. {Neath} and H. Z. Z. {Beh} and G. A. {Covic}},
	journal={IEEE Trans. Transp. Electrif.},
	title={A Dynamic {EV} Charging System for Slow Moving Traffic Applications},
	year={2017},
	volume={3},
	number={2},
	pages={354-369},
	doi={10.1109/TTE.2016.2628796},
	ISSN={2372-2088},
	month={Jun.},}

@ARTICLE{2014BipolarPad,
	author={A. {Zaheer} and G. A. {Covic} and D. {Kacprzak}},
	journal={IEEE Trans. Ind. Electron.},
	title={A Bipolar Pad in a 10-{kHz} 300-{W} Distributed {IPT} System for {AGV} Applications},
	year={2014},
	volume={61},
	number={7},
	pages={3288-3301},
	doi={10.1109/TIE.2013.2281167},
	ISSN={1557-9948},
	month={Jul.},}

@ARTICLE{2017TripolarPad,
	author={S. {Kim} and G. A. {Covic} and J. T. {Boys}},
	journal={IEEE Trans. Power Electron.},
	title={Tripolar Pad for Inductive Power Transfer Systems for {EV} Charging},
	year={2017},
	volume={32},
	number={7},
	pages={5045-5057},
	doi={10.1109/TPEL.2016.2606893},
	ISSN={1941-0107},
	month={Jul.},}


@article{Airfuel2014,
	title={AirFuel Resonant Wireless Power Transfer {(WPT)} System Baseline System Specification {(BSS)}},
	journal={Alliance for Wireless Power},
	year={2014},
	month={Apr.},
	volume={Version 1.3},
}

@ARTICLE{MHzcompact,
	author={S. Y. R. {Hui} and W. {Zhong} and C. K. {Lee}},
	journal={IEEE Trans. Power Electron.},
	title={A Critical Review of Recent Progress in Mid-Range Wireless Power Transfer},
	year={2014},
	volume={29},
	number={9},
	pages={4500-4511},
	doi={10.1109/TPEL.2013.2249670},
	ISSN={},
	month={Sep.},}

@ARTICLE{NonlinearSwitch2015,
	author={K. {Chen} and Z. {Zhao} and L. {Yuan} and T. {Lu} and F. {He}},
	journal={IEEE Trans. Electron Devices},
	title={The Impact of Nonlinear Junction Capacitance on Switching Transient and Its Modeling for {SiC MOSFET}},
	year={2015},
	volume={62},
	number={2},
	pages={333-338},
	doi={10.1109/TED.2014.2362657},
	ISSN={1557-9646},
	month={Feb.},}

@ARTICLE{EliminatingMultipleReceivers,
	author={F. {Liu} and Y. {Yang} and Z. {Ding} and X. {Chen} and R. M. {Kennel}},
	journal={IET Power Electron.},
	title={Eliminating cross interference between multiple receivers to achieve targeted power distribution for a multi-frequency multi-load MCR WPT system},
	year={2018},
	volume={11},
	number={8},
	pages={1321-1328},
	doi={10.1049/iet-pel.2017.0770},
	ISSN={1755-4535},
	month={Jun.},}

@ARTICLE{CrossInterference,
	author={R. {Narayanamoorthi} and A. {Vimala Juliet} and B. {Chokkalingam}},
	journal={IEEE Trans. Power Electron.},
	title={Cross Interference Minimization and Simultaneous Wireless Power Transfer to Multiple Frequency Loads Using Frequency Bifurcation Approach},
	year={2019},
	volume={34},
	number={11},
	pages={10898-10909},
	doi={10.1109/TPEL.2019.2898453},
	ISSN={1941-0107},
	month={Nov.},}

@ARTICLE{AdjustablePowerDistribution,
	author={K. {Lee} and D. {Cho}},
	journal={IEEE Antennas Wireless Propag. Lett.},
	title={Analysis of Wireless Power Transfer for Adjustable Power Distribution among Multiple Receivers},
	year={2015},
	volume={14},
	number={},
	pages={950-953},
	doi={10.1109/LAWP.2015.2388711},
	ISSN={1548-5757},
	month={Jan.},}

@ARTICLE{AutomaticCoilDesign,
	author={G. {Wei} and X. {Jin} and C. {Wang} and J. {Feng} and C. {Zhu} and M. I. {Matveevich}},
	journal={IEEE Trans. Power Electron.},
	title={An Automatic Coil Design Method With Modified AC Resistance Evaluation for Achieving Maximum Coil–Coil Efficiency in WPT Systems},
	year={2020},
	month={Jun.},
	volume={35},
	number={6},
	pages={6114-6126},}

@ARTICLE{MultiObjectiveOptimization,
	author={T. {Yilmaz} and N. {Hasan} and R. {Zane} and Z. {Pantic}},
	journal={IEEE Trans. Magn.},
	title={Multi-Objective Optimization of Circular Magnetic Couplers for Wireless Power Transfer Applications},
	year={2017},
	volume={53},
	number={8},
	pages={1-12},
	doi={10.1109/TMAG.2017.2692218},
	ISSN={1941-0069},
	month={Aug.},}

@ARTICLE{ChargingWhileMoving,
	author={Y. {Li} and Y. {Chen} and C. S. {Chen} and Z. {Wang} and Y. {Zhu}},
	journal={IEEE Trans. Veh. Technol.},
	title={Charging While Moving: Deploying Wireless Chargers for Powering Wearable Devices},
	year={2018},
	volume={67},
	number={12},
	pages={11575-11586},
	doi={10.1109/TVT.2018.2871870},
	ISSN={1939-9359},
	month={Dec.},}

@inproceedings{ITU2017,
	title={Wireless power transmission using technologies other than radio frequency beam},
	booktitle={Document Report ITU-R SM.2303-2, Radiocommunication Sector, International Telecommunication Union},
	year={Jun. 2017}
}

@ARTICLE{SS_SP2018,
	author={K. {Song} and Z. {Li} and J. {Jiang} and C. {Zhu}},
	journal={IEEE Trans. Power Electron.},
	title={Constant Current/Voltage Charging Operation for Series-Series and Series-Parallel Compensated Wireless Power Transfer Systems Employing Primary-Side Controller},
	year={2018},
	volume={33},
	number={9},
	pages={8065-8080},
	doi={10.1109/TPEL.2017.2767099},
	ISSN={1941-0107},
	month={Sep.},}

@ARTICLE{SeriesSeriesWPT,
	author={S. {Wang} and J. {Chen} and Z. {Hu} and C. {Rong} and M. {Liu}},
	journal={IET Power Electron.},
	title={Optimisation design for series–series dynamic {WPT} system maintaining stable transfer power},
	year={2017},
	volume={10},
	number={9},
	pages={987-995},
	doi={10.1049/iet-pel.2016.0839},
	ISSN={1755-4535},
	month={Jul.},}

@ARTICLE{ClassDDeadTime,
	author={H. {Tebianian} and Y. {Salami} and B. {Jeyasurya} and J. E. {Quaicoe}},
	journal={IEEE Trans. Ind. Electron.},
	title={A {13.56-MHz} Full-Bridge Class-{D ZVS} Inverter With Dynamic Dead-Time Control for Wireless Power Transfer Systems},
	year={2020},
	volume={67},
	number={2},
	pages={1487-1497},
	doi={10.1109/TIE.2018.2890505},
	ISSN={1557-9948},
	month={Feb.},}

@ARTICLE{ClassERectifier1990,
	author={M. K. {Kazimierczuk}},
	journal={IEEE Trans. Circuits Syst.},
	title={Analysis of class {E} zero-voltage-switching rectifier},
	year={1990},
	volume={37},
	number={6},
	pages={747-755},
	doi={10.1109/31.55033},
	ISSN={1558-1276},
	month={Jun.},}

@ARTICLE{PushPullClassE2008,
	author={Z. {Kaczmarczyk} and W. {Jurczak}},
	journal={IEEE Trans. Ind. Electron.},
	title={A Push–Pull Class-{E} Inverter With Improved Efficiency},
	year={2008},
	volume={55},
	number={4},
	pages={1871-1874},
	doi={10.1109/TIE.2007.907665},
	ISSN={1557-9948},
	month={Apr.},}
@ARTICLE{Patrick_E2,
	author={P. C. {Luk} and S. {Aldhaher} and W. {Fei} and J. F. {Whidborne}},
	journal={IEEE Trans. Power Electron.},
	title={State-Space Modeling of a Class {E}$^2$ Converter for Inductive Links},
	year={2015},
	volume={30},
	number={6},
	pages={3242-3251},
	doi={10.1109/TPEL.2014.2332451},
	ISSN={1941-0107},
	month={Jun.},}

@book{spicePowerElectronics,
	title={Spice for power electronics and electric power},
	author={Rashid, Muhammad H},
	year={2016},
	publisher={CRC press}
}

@ARTICLE{EMIWPT2017,
	author={T. {Campi} and S. {Cruciani} and V. {De Santis} and F. {Palandrani} and F. {Maradei} and M. {Feliziani}},
	journal={IEEE Trans. Magn.},
	title={Induced Effects in a Pacemaker Equipped With a Wireless Power Transfer Charging System},
	year={2017},
	volume={53},
	number={6},
	pages={1-4},
	doi={10.1109/TMAG.2017.2661859},
	ISSN={1941-0069},
	month={Jun.},}

@ARTICLE{EMIWPT2018,
	author={C. {Song} and H. {Kim} and Y. {Kim} and D. {Kim} and S. {Jeong} and Y. {Cho} and S. {Lee} and S. {Ahn} and J. {Kim}},
	journal={IEEE Trans. Ind. Electron.},
	title={{EMI} Reduction Methods in Wireless Power Transfer System for Drone Electrical Charger Using Tightly Coupled Three-Phase Resonant Magnetic Field},
	year={2018},
	volume={65},
	number={9},
	pages={6839-6849},
	doi={10.1109/TIE.2018.2793275},
	ISSN={1557-9948},
	month={Sep.},}

@article{rezvani2015advances,
	title={Advances in consumer electric vehicle adoption research: A review and research agenda},
	author={Rezvani, Zeinab and Jansson, Johan and Bodin, Jan},
	journal={Transp. Res. D Transp. Environ.},
	volume={34},
	pages={122--136},
	year={2015},
	publisher={Elsevier},
	month={Jan.}
}

@article{BatteryCapacityLimitations,
	title={Identifying capacity limitations in the Li/oxygen battery using experiments and modeling},
	author={Albertus, Paul and Girishkumar, G and McCloskey, Bryan and S{\'a}nchez-Carrera, Roel S and Kozinsky, Boris and Christensen, Jake and Luntz, Alan C},
	journal={J. Electrochem. Soc.},
	volume={158},
	number={3},
	pages={A343--A351},
	year={2011},
	publisher={The Electrochemical Society},
	month={Jan.}
}
@article{albertus2018status,
	title={Status and challenges in enabling the lithium metal electrode for high-energy and low-cost rechargeable batteries},
	author={Albertus, Paul and Babinec, Susan and Litzelman, Scott and Newman, Aron},
	journal={Nat. Energy},
	volume={3},
	number={1},
	pages={16--21},
	year={2018},
	publisher={Nature Publishing Group},
	month={Jan.}

@article{webAirFuel,
	title={{(2020) The AirFuel Alliance website}. [Online]. Available: https://airfuel.org/}
}
